%87] C. Mouradian, D. Naboulsi, S. Yangui, R. H. Glitho, M. J. Morrow and P. A. Polakos, "A Comprehensive Survey on Fog Computing: State-of-the-Art and Research Challenges," in IEEE Communications Surveys & Tutorials, vol. 20, no. 1, pp. 416-464, Firstquarter 2018. doi: 10.1109/COMST.2017.2771153. 

@ARTICLE{Mouradian18,
author={C. {Mouradian} and D. {Naboulsi} and S. {Yangui} and R. H. {Glitho} and M. J. {Morrow} and P. A. {Polakos}},
journal={IEEE Communications Surveys Tutorials},
title={A Comprehensive Survey on Fog Computing: State-of-the-Art and Research Challenges},
year={2018},
volume={20},
number={1},
pages={416-464},
keywords={cloud computing;contracts;resource allocation;comprehensive survey;fog computing;research challenges;cloud computing;Infrastructure-as-a-Service;Platform-as-a-Service;Software-as-a-Service;end devices;latency-sensitive applications;disaster management;content delivery applications;Service level agreements;cloud provider;fog systems;SLA;Edge computing;Cloud computing;Computer architecture;Tutorials;Classification algorithms;Internet of Things;Cloud computing;edge computing;fog computing;Internet of Things (IoT);latency;tactile Internet},
doi={10.1109/COMST.2017.2771153},
ISSN={1553-877X},
month={Firstquarter},}



@ARTICLE{Lindong18,
author={Lindong Liu and Deyu Qi and Naqin Zhou and Yilin Wu},
title={“A Task Scheduling Algorithm Based on Classification Mining in Fog Computing Environment”},
journalk={Wireless Communications and Mobile Computing},
volume={2018},
pages={18},
doi={https://doi.org/10.1155/2018/2102348},}

@ARTICLE{7930383, 
author={R. {Morabito}}, 
journal={IEEE Access}, 
title={{Virtualization on Internet of Things Edge Devices With Container Technologies: A Performance Evaluation}}, 
year={2017}, 
volume={5}, 
number={}, 
pages={8835-8850}, 
doi={10.1109/ACCESS.2017.2704444}, 
ISSN={2169-3536}, 
month={},
}

%[79] E. Borgia, The Internet of Things vision: Key features, applications and open issues. Computer Communications. 2014, 54, 1-31. 
@article{Borgia2014,
title = "The Internet of Things vision: Key features, applications and open issues",
journal = "Computer Communications",
volume = "54",
pages = "1 - 31",
year = "2014",
issn = "0140-3664",
doi = "https://doi.org/10.1016/j.comcom.2014.09.008",
url = "http://www.sciencedirect.com/science/article/pii/S0140366414003168",
author = "E. Borgia",
keywords = "Internet of Things (IoT), RFIDs, Sensors, Machine-to-Machine (M2M) communications, Standardization",
}

%[81] The industrial Internet: Towards the 4th industrial revolution. IoT Now Magazine 2016. URL: www.iot-now.com/2016/10/20/53811-the-industrial-internet-towards-the-4th-industrial-revolution
@misc{IIoT2016,
title = "The industrial Internet: Towards the 4th industrial revolution",
howpublished = "IoT Now Magazine [online], \url{www.iot-now.com/2016/10/20/53811-the-industrial-internet-towards-the-4th-industrial-revolution}",
year = 2016,
}

%[ciscoiox] Cisco Devnet, What is IOx?, https://developer.cisco.com/docs/iox/. Últ. acceso: 20/5/2019
@misc{ciscoIOX,
author = "Cisco Devnet",
title = {{What is IOx?}},
howpublished = "\url{https://developer.cisco.com/docs/iox/}, accedido en mayo, 2019",
}

%[89] Página oficial de Raspberry Pi. URL: www.raspberrypi.org
@misc{RaspPI,
author = "Raspberry Pi Foundation",
title = {{Página oficial de Raspberry Pi}},
howpublished = "\url{https://www.raspberrypi.org}, accedido en mayo, 2019",
}

@misc{mdc,
author = "L. Dignan",
title = {{What's next for data centers? Think micro data centers}},
howpublished = "\url{https://www.zdnet.com/article/whats-next-for-data-centers-think-micro-data-centers/}, accedido en mayo, 2019",
}

@misc{contenedores,
title = {{Container Definition}},
howpublished = "\url{https://techterms.com/definition/container}, accedido en mayo, 2019",
}

@misc{IoTamazon,
title = {{AWS IoT}},
howpublished = "\url{https://aws.amazon.com/es/iot/}, accedido en mayo, 2019",
}

@misc{IoTazure,
title = {{Azure IoT}},
howpublished = "\url{https://azure.microsoft.com/es-es/overview/iot/}, accedido en mayo, 2019",
}

@misc{IoTgoogle,
title = {{Google Cloud IoT}},
howpublished = "\url{https://cloud.google.com/solutions/iot/?hl=es}, accedido en mayo, 2019",
}


%[102]	M. S. de Brito, S. Hoque, R. Steinke, A. Willner, T. Magedanz, Application of the Fog computing paradigm to Smart Factories and cyber-physical systems, Transactions on Emerging Telecommunications Technologies, John Wiley & Sons, Ltd, Mayo 2017.
@article{Brito2017,
  author  = {M.~S. de Brito y otros},
  title   = {{Application of the Fog computing paradigm to Smart Factories and cyber-physical systems}},
  journal = {Transactions on Emerging Telecommunications Technologies},
  year    = 2017,
  month   = 5,
}

%[103]	L. Gu, D. Zeng, S. Guo, A. Barnawi, Y. Xiang, Cost Efficient Resource Management in Fog Computing Supported Medical Cyber-Physical System, IEEE Transactions on Emerging Topics in Computing vol. 5 no. 1, p. 108-119, 2017

@article{Gu2017,
  author  = {L. Gu y otros},
  title   = {{Cost Efficient Resource Management in Fog Computing Supported Medical Cyber-Physical System}},
  journal = {IEEE Transactions on Emerging Topics in Computing},
  year    = 2017,
  vol   = 5,
  number = 1,
  pages = 108-119
}

%[93] F. Ramalho, A. Neto, Virtualization at the network edge: A performance comparison, 2016 IEEE 17th International Symposium on A World of Wireless, Mobile y Multimedia Networks (WoWMoM). 
@inproceedings{Ramalho2016,
 author = {F. Ramalho and A. Neto},
 title = {{Virtualization at the network edge: A performance comparison}},
 booktitle = {IEEE 17th International Symposium on A World of Wireless, Mobile and Multimedia Networks (WoWMoM)},
 year = 2016
}

%[94] P. Bellavista, A. Zanni. Feasibility of Fog Computing Deployment based on Docker Containerization over RaspberryPi. Proceedings of the 18th International Conference on Distributed Computing and Networking. 2017.
@inproceedings{Bellavista2017,
 author = {P. Bellavista and A. Zanni},
 title = {{Feasibility of Fog Computing Deployment based on Docker Containerization over RaspberryPi}},
 booktitle = {18th International Conference on Distributed Computing and Networking},
 year = 2017
}

%[104]	L. Yin, J. Luo and H. Luo, "Tasks Scheduling and Resource Allocation in Fog Computing Based on Containers for Smart Manufacturing," in IEEE Transactions on Industrial Informatics, vol. 14, no. 10, pp. 4712-4721, Oct. 2018
@article{Yin2018,
  author  = {L. Yin and J. Luo and H. Luo},
  title   = {{Tasks Scheduling and Resource Allocation in Fog Computing Based on Containers for Smart Manufacturing}},
  journal = {IEEE Transactions on Industrial Informatics},
  year    = 2018,
  vol   = 14,
  number = 10,
  pages = 4712-4721
}


%[90] Docker, Inc., What is a Container? URL: https://www.docker.com/what-container, último acceso: Enero 2019. 
@misc{DockerCont,
author = {Docker, Inc.},
title = {{What is a Container?}},
howpublished = "\url{https://www.docker.com/what-container}, accedido en mayo, 2019",
}


@misc{Docker,
author = {Docker, Inc.},
title = {{Enterprise Container Platform for High-Velocity Innovation}},
howpublished = "\url{https://www.docker.com}, accedido en mayo, 2019",
}

%[91] R. Buyya, A. V. Dastjerdi, Internet of Things - Principles and Paradigms, Morgan-Kauffman, 2016. 
@book{Buyya2016,
  author = {R. Buyya and A. V. Dastjerdi},
  title = {{Internet of Things - Principles and Paradigms}},
  year = 2016,
  publisher = {Morgan-Kauffman},
}

%[92] R. Morabito, A performance evaluation of container technologies on Internet of Things devices, 2016 IEEE Conference on Computer Communications Workshops (INFOCOM WKSHPS). 
@inproceedings{Morabito2016,
 author = {R. Morabito},
 title = {{A performance evaluation of container technologies on Internet of Things devices}},
 booktitle = {IEEE Conference on Computer Communications Workshops (INFOCOM WKSHPS)},
 year = 2016
}


%[88] L. Liu, D. Qi, N. Zhou, and Y. Wu, “A Task Scheduling Algorithm Based on Classification Mining in Fog Computing Environment,” Wireless Communications and Mobile Computing, vol. 2018, Article ID 2102348, 11 pages, 2018. 



@misc{kubernetes,
author = {The Kubernetes Authors},
title = {{Kubernetes: Production-Grade Container Orchestration}},
howpublished = "\url{https://kubernetes.io/}, accedido en mayo, 2019",
}


@misc{Docker-volume,
author = {Docker Docs},
title = {{Use the OverlayFS storage driver}},
howpublished = "\url{https://docs.docker.com/storage/storagedriver/overlayfs-driver/}, accedido en junio, 2019",
}

