@book{russel03modern,
    author = {Russell, Stuart J. and Norvig, Peter},
    citeulike-article-id = {709475},
    citeulike-linkout-0 = {http://portal.acm.org/citation.cfm?id=773294},
    isbn = {0137903952},
    keywords = {ai, books},
    posted-at = {2006-08-09 11:54:13},
    priority = {2},
    publisher = {Pearson Education},
    title = {{Artificial Intelligence: A Modern Approach}},
    url = {http://portal.acm.org/citation.cfm?id=773294},
    year = {2003}
}

@misc{kubernetes,
  author = {Kubernetes},
  title = {{Kubernetes} production-grade container orchestration},
  howpublished = "\url{https://kubernetes.io/}",
  year = {2019}, 
  note = "[Online; accessed 27-June-2019]"
}